@book{papadimitriou1998combinatorial,
  title={Combinatorial optimization: algorithms and complexity},
  author={Papadimitriou, Christos H and Steiglitz, Kenneth},
  year={1998},
  publisher={Courier Corporation}
}

@incollection{vanderbeck2005implementing,
  title={Implementing mixed integer column generation},
  author={Vanderbeck, Fran{\c{c}}ois},
  booktitle={Column generation},
  pages={331--358},
  year={2005},
  publisher={Springer}
}

@Inproceedings{RyanFoster1981,
title = {An integer programming approach to scheduling},
author = {Ryan, D. M. and Foster, B. A. },
booktitle={Computer Scheduling of Public Transport Urban Passenger Vehicle and Crew Scheduling},
year={1981},
editor={A. Wren},
pages = {269--280},
publisher={North-Holland, Amsterdam}
}

@article{demiroz2019,
  title={Rectangle blanket problem: Binary integer linear programming formulation and solution algorithms},
  author={Demir{\"o}z, Bar{\i}{\c{s}} Evrim and Alt{\i}nel, {\.I} Kuban and Akarun, Lale},
  journal={European Journal of Operational Research},
  volume={277},
  number={1},
  pages={62--83},
  year={2019},
  publisher={Elsevier}
}